@online{diplomacymerriamwebster,
  title = {Diplomacy},
  author = {Dictionary, Merriam-Webster},
  url = {https://www.merriam-webster.com/dictionary/diplomacy},
  urldate = {2020-05-19}
}

@online{diplomacybritannica,
  title = {Diplomacy},
  author = {Dictionary, Encyclopædia Britannica},
  url = {https://www.britannica.com/topic/diplomacy},
  urldate = {2020-05-19}
}

@online{foreignpolicybritannica,
  title = {Foreign policy},
  author = {Dictionary, Encyclopædia Britannica},
  url = {https://www.britannica.com/topic/foreign-policy},
  urldate = {2020-05-19}
}

@online{unmembers,
  title = {Member States},
  author = {United Nations},
  url = {https://www.un.org/en/member-states/index.html},
  urldate = {2020-05-19}
}

@online{fsicapabilities,
  title = {Foreign Service Officer Qualifications},
  author = {United States Department of State},
  url = {https://careers.state.gov/work/foreign-service/officer/13-dimensions},
  urldate = {2020-05-19}
}

@online{usdoddiplomattrainings,
  title = {Key Topics – Foreign Service Institute},
  author = {United States Department of State},
  url = {https://www.state.gov/key-topics-foreign-service-institute},
  urldate = {2020-05-19}
}

@online{mymunconferencelist,
  title = {Full MUN List},
  author = {mymun GmbH},
  url = {https://mymun.com/muns/list},
  urldate = {2020-05-19}
}
